<?xml version="1.0" encoding="UTF-8"?><collection xmlns="http://www.loc.gov/MARC21/slim"><record><leader>00421nam--2200169-i-4500</leader><controlfield tag="001">000031229</controlfield><controlfield tag="002">20161230</controlfield><controlfield tag="005">20161230201038</controlfield><controlfield tag="008">060222s1000------------r-----000-0-eng-d</controlfield><datafield ind1=" " ind2=" " tag="040"><subfield code="a">IFIN-HH</subfield></datafield><datafield ind1=" " ind2=" " tag="080"><subfield code="a">512.54</subfield></datafield><datafield ind1="1" ind2=" " tag="100"><subfield code="a">Lomont, J.S</subfield></datafield><datafield ind1="1" ind2="0" tag="245"><subfield code="a">Applications of finite groups</subfield><subfield code="c">J.s. lomont</subfield></datafield><datafield ind1=" " ind2=" " tag="260"><subfield code="a">New York</subfield><subfield code="b">Academic Press</subfield><subfield code="c">1959</subfield></datafield><datafield ind1=" " ind2=" " tag="300"><subfield code="a">IX+346P</subfield></datafield><datafield ind1=" " ind2=" " tag="852"><subfield code="a">13761</subfield><subfield code="c">519.4</subfield></datafield><datafield ind1=" " ind2=" " tag="CAT"><subfield code="a">Sys</subfield><subfield code="c">20130809</subfield><subfield code="h">124725</subfield></datafield></record></collection>